<record><leader>00000cas a2200000 i 4500</leader><controlfield tag="001">880348693</controlfield><controlfield tag="006">m     o  d        </controlfield><controlfield tag="007">cr |||||||||||</controlfield><controlfield tag="008">140521d18751879mtuwr neo     0   a0eng  </controlfield><datafield ind1=" " ind2=" " tag="010"><subfield code="a">  2014218359</subfield></datafield><datafield ind1=" " ind2=" " tag="040"><subfield code="a">DLC</subfield><subfield code="b">eng</subfield><subfield code="e">rda</subfield><subfield code="c">DLC</subfield></datafield><datafield ind1="0" ind2=" " tag="022"><subfield code="a">2373-1036</subfield><subfield code="2">1</subfield></datafield><datafield ind1="1" ind2=" " tag="029"><subfield code="a">NZ1</subfield><subfield code="b">15557925</subfield></datafield><datafield ind1=" " ind2=" " tag="042"><subfield code="a">pcc</subfield><subfield code="a">nsdp</subfield></datafield><datafield ind1=" " ind2=" " tag="043"><subfield code="a">n-us-mt</subfield></datafield><datafield ind1="1" ind2="0" tag="050"><subfield code="a">ISSN RECORD</subfield></datafield><datafield ind1="0" ind2="0" tag="082"><subfield code="a">071</subfield><subfield code="2">23</subfield></datafield><datafield ind1="0" ind2=" " tag="130"><subfield code="a">Benton record (Fort Benton, Mont. : Online)</subfield></datafield><datafield ind1=" " ind2="4" tag="222"><subfield code="a">The Benton record</subfield><subfield code="b">(Fort Benton, Mont. Online)</subfield></datafield><datafield ind1="1" ind2="4" tag="245"><subfield code="a">The Benton record.</subfield></datafield><datafield ind1="1" ind2=" " tag="246"><subfield code="i">Published as:</subfield><subfield code="a">Fort Benton record</subfield><subfield code="f">June 26, 1875-July 28, 1876</subfield></datafield><datafield ind1=" " ind2="1" tag="264"><subfield code="a">Benton, M.T. [Mont.] :</subfield><subfield code="b">W. H. Buck,</subfield><subfield code="c">1875-1879.</subfield></datafield><datafield ind1=" " ind2=" " tag="300"><subfield code="a">1 online resource</subfield></datafield><datafield ind1=" " ind2=" " tag="310"><subfield code="a">Weekly,</subfield><subfield code="b">June 19, 1875-Dec. 26, 1879</subfield></datafield><datafield ind1=" " ind2=" " tag="321"><subfield code="a">Semimonthly,</subfield><subfield code="b">Feb. 1-June 1, 1875</subfield></datafield><datafield ind1=" " ind2=" " tag="336"><subfield code="a">text</subfield><subfield code="b">txt</subfield><subfield code="2">rdacontent</subfield></datafield><datafield ind1=" " ind2=" " tag="337"><subfield code="a">computer</subfield><subfield code="b">c</subfield><subfield code="2">rdamedia</subfield></datafield><datafield ind1=" " ind2=" " tag="338"><subfield code="a">online resource</subfield><subfield code="b">cr</subfield><subfield code="2">rdacarrier</subfield></datafield><datafield ind1="1" ind2=" " tag="362"><subfield code="a">Began with vol. I, no. 1 (February 1, 1875); ceased with vol. V, no. 28 (December 26, 1879).</subfield></datafield><datafield ind1=" " ind2=" " tag="515"><subfield code="a">Issues for &lt;May 5&gt;-July 28, 1876 called also whole no. 54-whole no. 66.</subfield></datafield><datafield ind1=" " ind2=" " tag="588"><subfield code="a">Description based on: Vol. I, no. 1 (February 1, 1875); title from masthead (Chroniclingamerica.loc.gov, viewed May 21, 2014).</subfield></datafield><datafield ind1=" " ind2=" " tag="588"><subfield code="a">Latest issue consulted: Vol. V, no. 28 (December 26, 1879) (Chroniclingamerica.loc.gov, viewed May 21, 2014).</subfield></datafield><datafield ind1=" " ind2="0" tag="651"><subfield code="a">Fort Benton (Mont.)</subfield><subfield code="v">Newspapers.</subfield></datafield><datafield ind1=" " ind2="7" tag="651"><subfield code="a">Montana</subfield><subfield code="z">Fort Benton.</subfield><subfield code="2">fast</subfield><subfield code="0">(OCoLC)fst01220259</subfield></datafield><datafield ind1=" " ind2="7" tag="655"><subfield code="a">Periodicals.</subfield><subfield code="2">fast</subfield><subfield code="0">(OCoLC)fst01411641</subfield></datafield><datafield ind1=" " ind2=" " tag="752"><subfield code="a">United States</subfield><subfield code="b">Montana</subfield><subfield code="c">Chouteau</subfield><subfield code="d">Fort Benton.</subfield></datafield><datafield ind1="0" ind2="8" tag="776"><subfield code="i">Originally issued in print:</subfield><subfield code="t">Benton record (Fort Benton, Mont.)</subfield><subfield code="x">2373-1028</subfield><subfield code="w">(DLC)sn 84038126</subfield><subfield code="w">(OCoLC)11177592</subfield></datafield><datafield ind1="0" ind2="0" tag="785"><subfield code="t">Benton weekly record (Online)</subfield></datafield><datafield ind1="4" ind2="0" tag="856"><subfield code="u">http://www.loc.gov/chroniclingamerica/lccn/sn84038126/issues</subfield></datafield></record>